@book{definitionutilitarism,
	title="An Introduction to the Principles of Morals and Legislation",
	subtitle="Jeremy Bentham",
	url="https://www.earlymoderntexts.com/assets/pdfs/bentham1780.pdf",
	author="Jonathan Bennett",
	year="2017",
	urldate="2019-10-20"
}

@book{smarttypes,
	title="Utilitarianism: For and Against",
	year="1973",
	ISBN="978-0-521-09822-9",
	author="J. J. C. Smart and Bernard Williams",
	url="http://assets.cambridge.org/97805210/98229/excerpt/9780521098229_excerpt.pdf",
	urldate="2019-10-20"
}

@book{kant,
	source="PubMed",
	urldate="2019-10-20",
	title="Duty, Kant, and deontology",
	author="David Misselbrook",
	publisher="Royal College of General Practitioners",
	ISSN="0960-1643",
	year="2013",
	url="https://www.ncbi.nlm.nih.gov/pmc/articles/PMC3609464/"
}