@BOOK{definitionutilitarism,
  AUTHOR = {Bennett, Jonathan},
  URL = {https://www.earlymoderntexts.com/assets/pdfs/bentham1780.pdf},
  DATE = {2017},
  SUBTITLE = {Jeremy Bentham},
  TITLE = {An Introduction to the Principles of Morals and Legislation},
  URLDATE = {2019-10-20},
}

@BOOK{smarttypes,
  AUTHOR = {Smart, J. J. C. and Williams, Bernard},
  URL = {http://assets.cambridge.org/97805210/98229/excerpt/9780521098229_excerpt.pdf},
  DATE = {1973},
  ISBN = {978-0-521-09822-9},
  TITLE = {Utilitarianism: For and Against},
  URLDATE = {2019-10-20},
}

@ONLINE{singeryoutube,
  AUTHOR = {{Peter Singer}},
  ORGANIZATION = {YouTube (Practical Ethics Channel)},
  URL = {https://www.youtube.com/watch?v=PLl3vEGU49Q},
  DATE = {2017},
  TITLE = {\#PeterSinger tackles the best objections to \#vegetarianism},
  URLDATE = {2019-10-20},
}

@INCOLLECTION{universallaw,
  AUTHOR = {Johnson, Robert and Cureton, Adam},
  EDITOR = {Zalta, Edward N.},
  PUBLISHER = {Metaphysics Research Lab, Stanford University},
  URL = {https://plato.stanford.edu/archives/spr2019/entries/kant-moral/},
  BOOKTITLE = {The Stanford Encyclopedia of Philosophy},
  DATE = {2019},
  EDITION = {Spring 2019},
  TITLE = {Kantâ€™s Moral Philosophy},
}

@BOOK{singerpracticalethics,
  AUTHOR = {Singer, Peter},
  CHAPTER = {6},
  DATE = {1993},
  ISBN = {052143971X},
  MAINTITLE = {Practical ethics},
  PAGES = {135--174},
  TITLE = {Taking Life. The Embryo and the Fetus},
}

@BOOK{singerequal,
  AUTHOR = {Singer, Peter},
  DATE = {1989},
  ISBN = {0130368644},
  MAINTITLE = {Animal Rights and Human Obligations},
  PAGES = {73--86},
  TITLE = {All Animals are Equal},
}

@BOOK{aquinas1485,
  AUTHOR = {Aquinas, Thomas},
  DATE = {1485},
  ISBN = {9780521690485},
  PAGES = {122,123},
  TITLE = {Summa Theologica},
}

@BOOK{anselm1078,
  AUTHOR = {of Cardbury, Anselm},
  DATE = {1078},
  TITLE = {Proslogion},
}

@BOOK{kant1781,
  AUTHOR = {Kant, Immanuel},
  DATE = {1781},
  ORIGTITLE = {Kritik der reinen Vernuft},
  TITLE = {Critique of Pure Reason},
}

