@book{definitionutilitarism,
	title="An Introduction to the Principles of Morals and Legislation",
	subtitle="Jeremy Bentham",
	url="https://www.earlymoderntexts.com/assets/pdfs/bentham1780.pdf",
	author="Jonathan Bennett",
	year="2017",
	urldate="2019-10-20"
}

@book{smarttypes,
	title="Utilitarianism: For and Against",
	year="1973",
	ISBN="978-0-521-09822-9",
	author="J. J. C. Smart and Bernard Williams",
	url="http://assets.cambridge.org/97805210/98229/excerpt/9780521098229_excerpt.pdf",
	urldate="2019-10-20"
}


@book{kant,
	source="PubMed",
	urldate="2019-10-20",
	title="Duty, Kant, and deontology",
	author="David Misselbrook",
	publisher="Royal College of General Practitioners",
	ISSN="0960-1643",
	year="2013",
	url="https://www.ncbi.nlm.nih.gov/pmc/articles/PMC3609464/"
}

@online{singeryoutube,
	author={{Peter Singer}},
	title="\#PeterSinger tackles the best objections to \#vegetarianism",
	url="https://www.youtube.com/watch?v=PLl3vEGU49Q",
	urldate="2019-10-20",
	year="2017",
	organization="YouTube (Practical Ethics Channel)"
}

@InCollection{universallaw,
	author       =	{Johnson, Robert and Cureton, Adam},
	title        =	{Kantâ€™s Moral Philosophy},
	booktitle    =	{The Stanford Encyclopedia of Philosophy},
	editor       =	{Edward N. Zalta},
	url          =  {https://plato.stanford.edu/archives/spr2019/entries/kant-moral/},
	year         =	{2019},
	edition      =	{Spring 2019},
	publisher    =	{Metaphysics Research Lab, Stanford University}
}

@book{singerpracticalethics,
	author="Peter Singer",
	title="Taking Life. The Embryo and the Fetus",
	maintitle="Practical ethics",
	year="1993",
	chapter="6",
	pages="135--174",
	ISBN="052143971X"
}

@book{singerequal,
	author="Peter Singer",
	title="All Animals are Equal",
	maintitle="Animal Rights and Human Obligations",
	year="1989",
	pages="73--86",
	ISBN="0130368644"	
}
@book{aquinas1485,
	author		= "Thomas Aquinas",
	origtitle	= "Summa Theologica",
	year		= "1485",
	translator	= "Wikisource",
	title		= "Summa Theologiae",
	chapter		= "Treatise on the One God, Question 2: The Existence of God",
	url		= "https://en.wikisource.org/wiki/Summa_Theologiae/First_Part/Question_2#Art._3_-_Whether_God_exists?"
}

@book{anselm1078,
	author	= "Anselm of Cardbury",
	title	= "Proslogion",
	year	= "1078",
}
@book{burr1996,
	author	= "David Burr",
	title	= "Anselm on God's existence",
	year	= "1996",
	url	= "https://sourcebooks.fordham.edu/source/anselm.asp",
	publisher = "History Department, Fordham University",
}
@book{kant1781,
	author	= "Immanuel Kant",
	title	= "Critique of Pure Reason",
	origtitle = "Kritik der reinen Vernuft",
	year	= "1781",
	ISBN	= "9780521690485",
	pages	= "122,123"
}
@book{aristotlecauses,
	author	= "Aristotle",
	title	= "Physics",
	year 	= "322bc",
	chapter = "7, 8",
	translator = {R.P. Hardie, and R.K. Gave},
	url	= "http://www.logoslibrary.org/aristotle/physics/18.html"
}
@book{grier2004,
	author="Michelle Grier",
	title="Kant's Doctrine of Transcendental Illusion",
	year="2004",
	location="University of San Diego",
	publisher="Cambridge University Press",
	pages="256--258"
}
@InCollection{sep-aristotle,
	author       =	{Shields, Christopher},
	title        =	{{Aristotle}},
	booktitle    =	{The {Stanford} Encyclopedia of Philosophy},
	editor       =	{Edward N. Zalta},
	url =	{https://plato.stanford.edu/archives/fall2020/entries/aristotle/},
	year         =	{2020},
	edition      =	{{F}all 2020},
	publisher    =	{Metaphysics Research Lab, Stanford University}
}
@InCollection{sep-presocratics,
	author       =	{Curd, Patricia},
	title        =	{{Presocratic Philosophy}},
	booktitle    =	{The {Stanford} Encyclopedia of Philosophy},
	editor       =	{Edward N. Zalta},
	url  =	{https://plato.stanford.edu/archives/fall2020/entries/presocratics/},
	year         =	{2020},
	edition      =	{{F}all 2020},
	publisher    =	{Metaphysics Research Lab, Stanford University}
}
@book{knopf2009,
	url          = {https://users.manchester.edu/FacStaff/SSNaragon/Kant/LP/Readings/Armstrong, Mythos-Logos.html},
	year         = "2009",
	pages        = "x--xii",
	title        = "From the Preface to: Karen Armstrong, The Case for God",
	author       = {Alfred A. Knopf}
}
@bookinbook{aristoteles-categories,
	title        = {Categories},
	isbn         = {978-1-62466-532-5},
	bookauthor   = {Aristotle},
	editor       = {S. Marc Cohen, Patricia Curd, and C.D.C. Reeve},
	origdate     = {350 BCE},
	date         = {2016},
	translator   = {S. Marc Cohen, and Gareth B. Matthews},
	maintitle = {Ancient Greek Philsoophy}
}
@bookinbook{aristoteles-physics,
	title        = {Physics},
	isbn         = {978-1-62466-532-5},
	bookauthor   = {Aristotle},
	editor       = {S. Marc Cohen, Patricia Curd, and C.D.C. Reeve},
	origdate     = {350 BCE},
	date         = {2016},
	translator   = {S. Marc Cohen},
	maintitle = {Ancient Greek Philsoophy}
}
@InCollection{sep-aristotle-causality,
	author       =	{Falcon, Andrea},
	title        =	{{Aristotle on Causality}},
	booktitle    =	{The {Stanford} Encyclopedia of Philosophy},
	editor       =	{Edward N. Zalta},
	url =	{https://plato.stanford.edu/archives/spr2019/entries/aristotle-causality/},
	year         =	{2019},
	edition      =	{{S}pring 2019},
	publisher    =	{Metaphysics Research Lab, Stanford University}
}

