@inbook{ unipaper,
	author="Ren√© Descartes",
	booktitle="Meditation {II}: Of the nature of the human mind. {A}nd that it is more easily known than the body",
	maintitle="Meditations on First Philosophy",
	pages="1-7",
	year="1641",
},
@book{ limitedimagination,
	author="Sepper, Dennis L",
	booktitle="Descartes's Imagination: Proportion, Images, and the Activity of Thinking.",
	publisher="Berkeley:  University of California Press c1996",
	year="1996",
	url="http://ark.cdlib.org/ark:/13030/ft0d5n99fd/",\
	accessed="\today"
}
@book{wrongword,
	author="Marlen Rozemond",
	booktitle="Descartes' Dualism",
	url="https://books.google.no/books?id=-qSvoR5tWIYC&pg=PP1#q=mutabilis",
	page="93",
	publisher="Harvard University Press",
	date="2009-06-30"	
}